<record><leader>00000cas a2200000 a 4500</leader><controlfield tag="001">53326672</controlfield><controlfield tag="008">031031d19591964caucr ne      0    0eng c</controlfield><datafield ind1=" " ind2=" " tag="010"><subfield code="a">sn2003061170</subfield></datafield><datafield ind1=" " ind2=" " tag="040"><subfield code="a">CNK</subfield><subfield code="b">eng</subfield><subfield code="c">CNK</subfield><subfield code="d">OCLCQ</subfield><subfield code="d">OCLCF</subfield><subfield code="d">OCLCO</subfield></datafield><datafield ind1="1" ind2=" " tag="029"><subfield code="a">AU@</subfield><subfield code="b">000025096364</subfield></datafield><datafield ind1=" " ind2=" " tag="042"><subfield code="a">pcc</subfield></datafield><datafield ind1=" " ind2=" " tag="043"><subfield code="a">n-us-ca</subfield></datafield><datafield ind1="0" ind2="0" tag="245"><subfield code="a">Buena Park news and West Orange County progress.</subfield></datafield><datafield ind1="3" ind2=" " tag="246"><subfield code="a">West Orange County progress</subfield></datafield><datafield ind1="1" ind2="7" tag="246"><subfield code="a">News-progress</subfield></datafield><datafield ind1=" " ind2=" " tag="260"><subfield code="a">Buena Park, Calif. :</subfield><subfield code="b">Richard W. Nowels</subfield></datafield><datafield ind1=" " ind2=" " tag="300"><subfield code="a">v.</subfield></datafield><datafield ind1=" " ind2=" " tag="310"><subfield code="a">Semiweekly,</subfield><subfield code="b">Sept. 25, 1961-&lt;Apr. 29, 1964&gt;</subfield></datafield><datafield ind1=" " ind2=" " tag="321"><subfield code="a">Weekly,</subfield><subfield code="b">Dec. 9, 1959-Mar. 16, 1960</subfield></datafield><datafield ind1=" " ind2=" " tag="321"><subfield code="a">Semiweekly,</subfield><subfield code="b">Mar. 18, 1960-Aug. 3, 1961</subfield></datafield><datafield ind1=" " ind2=" " tag="321"><subfield code="a">Three times a week,</subfield><subfield code="b">Aug. 7-Sept. 20, 1961</subfield></datafield><datafield ind1="0" ind2=" " tag="362"><subfield code="a">Vol. 37, no. 5 (Dec. 9, 1959)-</subfield></datafield><datafield ind1="1" ind2=" " tag="362"><subfield code="a">Ceased in 1964.</subfield></datafield><datafield ind1=" " ind2=" " tag="500"><subfield code="a">"The golden west's new frontier town."</subfield></datafield><datafield ind1=" " ind2=" " tag="500"><subfield code="a">"And West Orange County progress" appears in large print below "Buena Park News" Dec. 9, 1959-&lt;July 15, 1960&gt;; "And West Orange County progress" appears in small print below "Buena Park News" &lt;Aug. 17, 1960-Apr. 29, 1964&gt;</subfield></datafield><datafield ind1=" " ind2=" " tag="500"><subfield code="a">"Buena Park-Cypress-West Anaheim-West Fullerton-Dairyland-Dairy Valley-Hawaiian Gardens edition" Dec. 9, 1959-Apr. 20, 1960; "Buena Park, Cypress, West Anaheim, West Fullerton, Dairyland, Dairy Valley, Hawaiian Gardens, Stanton, Los Alamitos, Westminster, W. Garden Grove editions" Apr. 27-July 6, 1960.</subfield></datafield><datafield ind1=" " ind2="0" tag="651"><subfield code="a">Buena Park (Calif.)</subfield><subfield code="v">Newspapers.</subfield></datafield><datafield ind1=" " ind2="0" tag="651"><subfield code="a">Orange County (Calif.)</subfield><subfield code="v">Newspapers.</subfield></datafield><datafield ind1=" " ind2="7" tag="655"><subfield code="a">Newspapers.</subfield><subfield code="2">fast</subfield><subfield code="0">(OCoLC)fst01423814</subfield></datafield><datafield ind1=" " ind2="7" tag="651"><subfield code="a">California</subfield><subfield code="z">Buena Park.</subfield><subfield code="2">fast</subfield><subfield code="0">(OCoLC)fst01217483</subfield></datafield><datafield ind1=" " ind2="7" tag="651"><subfield code="a">California</subfield><subfield code="z">Orange County.</subfield><subfield code="2">fast</subfield><subfield code="0">(OCoLC)fst01206289</subfield></datafield><datafield ind1=" " ind2=" " tag="752"><subfield code="a">United States</subfield><subfield code="b">California</subfield><subfield code="c">Orange</subfield><subfield code="d">Buena Park.</subfield></datafield><datafield ind1="0" ind2="0" tag="780"><subfield code="t">Buena Park news</subfield><subfield code="w">(DLC)sn 98061202</subfield></datafield><datafield ind1="0" ind2="7" tag="785"><subfield code="t">Buena Park independent</subfield><subfield code="w">(DLC)sn2002060204</subfield></datafield><datafield ind1="0" ind2="7" tag="785"><subfield code="t">Buena Park news and independent</subfield><subfield code="w">(DLC)sn2003061171</subfield></datafield></record>